@book{rao,
  title={Mechanical vibrations},
  author={Rao, Singiresu S and Yap, Fook Fah},
  volume={4},
  year={1995},
  publisher={Addison-Wesley New York}
}
@book{den,
  title={Mechanical vibrations},
  author={Den Hartog, Jacob Pieter},
  year={1985},
  publisher={Courier Corporation}
}
